@Article{Goto:2008,
  author =       {Kazushige Goto and Robert A. van de Geijn},
  title =        {Anatomy of high-performance matrix multiplication},
  journal =      {ACM Transactions on Mathematical Software},
  year =         2008,
  volume =       34,
  number =       3,
  doi =          {10.1145/1356052.1356053}
}

@Article{Zee:2015,
  author =       {Field G. Van Zee and Robert A. van de Geijn},
  title =        {{BLIS: a framework for rapidly instantiating BLAS
                  functionality}},
  journal =      {ACM Transactions on Mathematical Software},
  year =         2015,
  volume =       41,
  number =       3,
  doi =          {10.1145/2764454}
}

@Article{Low:2016,
  author =       {Tze Meng Low and Francisco D. Igual and Tyler M.
                  Smith and Enrique S. Quintana-Corti},
  title =        {Analytical modeling is enough for high-performance
                  {BLIS}},
  journal =      {ACM Transactions on Mathematical Software},
  year =         2016,
  volume =       43,
  number =       2,
  doi =          {10.1145/2925987}
}

@Misc{Smith:2017,
  author =       {Tyler M. Smith and Bradley Lowery and Julien Langou
                  and Robert A. van de Geijn},
  title =        {{A tight I/O lower bound for matrix multiplication}},
  year =         2017,
  eprint =       {1702.02017},
  archiveprefix ={arXiv},
  primaryclass = {cs.CC}
}

